<record><leader>00000cas a22000007a 4500</leader><controlfield tag="001">10217900</controlfield><controlfield tag="008">831214d18631868meuwr ne      0    0eng d</controlfield><datafield ind1=" " ind2=" " tag="010"><subfield code="a">sn 83021467 </subfield></datafield><datafield ind1=" " ind2=" " tag="040"><subfield code="a">NPX</subfield><subfield code="b">eng</subfield><subfield code="c">NPX</subfield><subfield code="d">NPV</subfield><subfield code="d">NPY</subfield><subfield code="d">MBN</subfield><subfield code="d">OCLCQ</subfield><subfield code="d">OCLCF</subfield><subfield code="d">OCLCO</subfield></datafield><datafield ind1=" " ind2=" " tag="042"><subfield code="a">msc</subfield></datafield><datafield ind1=" " ind2=" " tag="043"><subfield code="a">n-us-me</subfield></datafield><datafield ind1="0" ind2=" " tag="130"><subfield code="a">Portland weekly advertiser (Portland, Me. : 1863)</subfield></datafield><datafield ind1="1" ind2="0" tag="245"><subfield code="a">Portland weekly advertiser.</subfield></datafield><datafield ind1="3" ind2="0" tag="246"><subfield code="a">Portland weekly advertiser and Democratic campaign register</subfield><subfield code="f">Jan. 2-Nov. 19, 1864</subfield></datafield><datafield ind1="3" ind2="0" tag="246"><subfield code="a">Portland advertiser</subfield></datafield><datafield ind1=" " ind2=" " tag="260"><subfield code="a">Portland, Me. :</subfield><subfield code="b">[s.n.],</subfield><subfield code="c">1863-</subfield></datafield><datafield ind1=" " ind2=" " tag="300"><subfield code="a">v. ;</subfield><subfield code="c">56 cm.</subfield></datafield><datafield ind1=" " ind2=" " tag="310"><subfield code="a">Weekly</subfield></datafield><datafield ind1="0" ind2=" " tag="362"><subfield code="a">Vol. 63, no. 6 (Feb. 21, 1863)-</subfield></datafield><datafield ind1="1" ind2=" " tag="362"><subfield code="a">Ceased in Aug. 1868.</subfield></datafield><datafield ind1=" " ind2=" " tag="500"><subfield code="a">Published as: Portland weekly advertiser and Democratic campaign register, Jan. 2-Nov. 19, 1864.</subfield></datafield><datafield ind1=" " ind2=" " tag="500"><subfield code="a">Word "Weekly" over logo device, 18&lt;65&gt;.</subfield></datafield><datafield ind1=" " ind2=" " tag="580"><subfield code="a">Daily ed.: Portland daily advertiser (Portland, Me. : 1848).</subfield></datafield><datafield ind1=" " ind2=" " tag="580"><subfield code="a">Triweekly ed.: Portland triweekly advertiser.</subfield></datafield><datafield ind1=" " ind2=" " tag="580"><subfield code="a">Semiweekly ed.: Portland advertiser (Portland, Me. : 1866).</subfield></datafield><datafield ind1=" " ind2=" " tag="580"><subfield code="a">Sunday ed.: Sunday advertiser (Portland, Me.).</subfield></datafield><datafield ind1=" " ind2=" " tag="580"><subfield code="a">Merged with: Portland weekly star, to form: Portland weekly advertiser and star.</subfield></datafield><datafield ind1=" " ind2="0" tag="651"><subfield code="a">Portland (Me.)</subfield><subfield code="v">Newspapers.</subfield></datafield><datafield ind1=" " ind2="7" tag="655"><subfield code="a">Newspapers.</subfield><subfield code="2">fast</subfield><subfield code="0">(OCoLC)fst01423814</subfield></datafield><datafield ind1=" " ind2="7" tag="651"><subfield code="a">Maine</subfield><subfield code="z">Portland.</subfield><subfield code="2">fast</subfield><subfield code="0">(OCoLC)fst01213254</subfield></datafield><datafield ind1=" " ind2=" " tag="752"><subfield code="a">United States</subfield><subfield code="b">Maine</subfield><subfield code="c">Cumberland</subfield><subfield code="d">Portland.</subfield></datafield><datafield ind1="1" ind2=" " tag="775"><subfield code="t">Portland daily advertiser (Portland, Me. : 1848)</subfield><subfield code="g">1863-1866</subfield><subfield code="w">(DLC)sn 83021486</subfield></datafield><datafield ind1="1" ind2=" " tag="775"><subfield code="t">Portland tri-weekly advertiser</subfield><subfield code="g">1863-1866</subfield><subfield code="w">(DLC)sn 83009673</subfield></datafield><datafield ind1="1" ind2=" " tag="775"><subfield code="t">Portland advertiser (Portland, Me. : 1866)</subfield><subfield code="w">(DLC)sn 83021487</subfield></datafield><datafield ind1="1" ind2=" " tag="775"><subfield code="t">Sunday advertiser (Portland, Me.)</subfield><subfield code="w">(DLC)sn 84023320</subfield></datafield><datafield ind1="0" ind2="0" tag="780"><subfield code="t">Portland advertiser (Portland, Me. : 1841 : Weekly)</subfield><subfield code="w">(DLC)sn 83009674</subfield></datafield><datafield ind1="1" ind2="7" tag="785"><subfield code="t">Portland weekly star</subfield><subfield code="w">(DLC)sn 83021470</subfield></datafield><datafield ind1="1" ind2="7" tag="785"><subfield code="t">Portland weekly advertiser and star</subfield><subfield code="w">(DLC)sn 83021471</subfield></datafield><datafield ind1=" " ind2=" " tag="936"><subfield code="a">1865 Dec. 23</subfield></datafield></record>